@article{bd1,
author = "V. Mnih and N. Heess and A. Graves and K. Kavukcuoglu",
title = "Recurrent Models of Visual Attention",
journal = "Proc. {NIPS}",
year = "2014"
}

@article{bd2,
author = "J. Ba and V. Mnih and K. Kavukcuoglu",
title = "Multiple Object Recognition with Visual Attention",
journal = "arXiv:1412.7755v2",
year = "2015"
}

@article{bd3,
author = "P. Sermanet and A. Frome and E. Real",
title = "Attention for Fine-Grained Categorization",
journal = "arXiv:1412.7054v3",
year = "2015"
}

@article{bd4,
author = "A. Khosla and N. Jayadeaprakash and B. Yao",
title = "Novel Dataset for Fine-Grained Image Categorization",
journal = "First Workshop on Fine-Grained Visual Categorization, Proc. {CVPR}",
year = "2011"
}

@article{bd5,
author = "J. Krause and M. Stark and J. Deng and L. Fei-Fei",
title = "3d object representations for fine-grained categorization",
journal = "4th international IEEE Workshop on 3D representation and recognition",
year = "2013"
}

@article{bd6,
author = "C. Wah and S. Branson and P. Welinder and P. Perona and S. Belongie",
title = "The caltech-ucsd birds-200-2011 dataset",
year = "2011"
}

@article{bd7,
author = "C. Szegedy and W. Liu and Y. Jia and P. Sermannet and S. Reed and D. Anguelov and D. Erhan and V. Vanhoucke and A. Rabinovich",
title = "Going Deeper with Convolutions",
journal = "arXiv:1409.4842",
year = "2014"
}

@article{bd8,
author = "K. Simonyan and A. Zisserman",
title = "Very deep convolutional networks for large-scale image recognition",
journal = "arXiv:1409.1556",
year = "2014"
}


@article{bd9,
author = "T. Berg and P. Belhumeur",
title = "Poof: part-based one-vs.-one features for fine-grained categorization, face verification, and attribute estimation",
journal = "Proc. {CVPR}",
year = "2013"
}


@article{bd10,
author = "J. Liu and A. Kanazawa and D. Jacobs and E. Belhumeur",
title = "Dog breed classification using part localization",
journal = "Proc. {ECCV}",
year = "2012"
}


@article{bd11,
author = "N. Zhang and J. Donahue and R. Girshick and T. Darrell",
title = "Part-based r-cnns for fine-grained category detection",
journal = "Proc. {ECCV}",
year = "2014"
}

@article{bd12,
author = "S. Yang and L. Bo and J. Wang and L. Shapiro",
title = "Unsupervised template learning for fine-grained object recognition",
journal = "Proc. {NIPS}",
year = "2012"
}

@article{bd13,
author = "E. Gavves and B. Fernando and C. Snoek and A. Smeulders and T. Tuytelaars",
title = "Fine-grained categorization by alignments",
journal = "Proc. {ICCV}",
year = "2013"
}

@article{bd14,
author = "Y. Chai and V. Lempitsky and A. Zisserman",
title = "Bicos: a bi-levle co-segmentation method for image classification",
journal = "Proc. {ICCV}",
year = "2011"
}

@article{bd15,
author = "S. Branson and G. Horn and S. Belongie and P. Perona",
title = "Bird species categorization using pose normalized deep convolutional nets",
journal = "Proc. {BMVC}",
year = "2014"
}

@article{bd16,
author = "T. Lin and A. RoyChowdhury and S. Maji",
title = "Bilinear cnn models for fine-grained visual recognition",
journal = "Proc. {ICCV}",
year = "2015"
}

@article{bd17,
author = "Q. Qian and R. Jin and S. Zhu and Y. Lin",
title = "Fine-grained visual categorization via multi-stage metric learning",
journal = "Proc. {CVPR}",
year = "2015"
}

@article{bd18,
author = "J. Deng and W. Dong and R. Socher and L. Li and K. Li and L. Fei-Fei",
title = "ImageNet: A large-scale hierarchical image database",
journal = "Proc. {CVPR}",
year = "2009"
}

@article{bd19,
author = "X. Wang and T. Yang and G. Chen and Y. Lin",
title = "Object-centric Sampling for Fine-grained Image Classification",
journal = "arXiv:1412.3161",
year = "2014"
}

@article{bd20,
author = "R. Williams",
title = "Simple statistical gradient-following algorithms for connectionist reinforcement learning",
journal = "Machine Learning",
year = "1992"
}


@article{bd21,
author = "J. Krause and B. Sapp and A. Howard and H. Zhou and A. Toshev and T. Duerig and J. Philbin and L. Fei-Fei",
title = "The unreasonable effectiveness of noisy data for fine-grained recognition",
journal = "arXiv:1511.067891v1",
year = "2015"
}

@article{bd22,
author = "J. Krause and H. Jin and J. Yang an L. Fei-Fei",
title = "Fine-grained recognition without part annotations",
journal = "CVPR",
year = "2015"
}

@article{bd23,
author = "Z. Xu and S. Huang and Y. Zhang and D. Tao",
title = "Augmenting strong supervision using web data for fine-grained categorization",
journal = "ICCV",
year = "2015"
}

@article{bd24,
author = "R. Grishick and J. Donahue and T. Darrell and J. Malik",
title = "Rich features hierarchies for accurate object detection and sementic segmentation",
journal = "CVPR",
year = "2014"
}

@article{bd25,
author = "Y. Chai and L. Lempitsky and A. Zisserman",
title = "Symbiotic segmentation and part localization for fine-grained categorization",
journal = "ICCV",
year = "2013"
}

@article{bd26,
author = "L. Liu and C. Shen and A. Hengel",
title = "The treasure beneath convolutional layers: cross-convolutional-layer pooling for image classification",
journal = "CVPR",
year = "2015"
}

@article{girshick2015fast,
  title={Fast R-CNN},
  author={Girshick, Ross},
  journal={arXiv preprint arXiv:1504.08083},
  year={2015}
}
@inproceedings{jaderberg2015spatial,
  title={Spatial transformer networks},
  author={Jaderberg, Max and Simonyan, Karen and Zisserman, Andrew and others},
  booktitle={Advances in Neural Information Processing Systems},
  pages={2008--2016},
  year={2015}
}