@article{cvpr_ref1,
author = "Bossard, Lukas and Guillaumin, Matthieu and Van Gool, Luc",
title = "Food-101 -- Mining Discriminative Components with Random Forests",
journal = "Proc. {ECCV}",
year = "2014"
}

@article{cvpr_ref2,
author = "A. Myers and N. Johnston and V. Rathod and A. Korattikara and A. Gorban",
title = "Im2Calories: towards and automated mobile vision food diary",
journal = "Proc. {ICCV}",
year = "2015"
}


@article{bd1,
author = "V. Mnih and N. Heess and A. Graves and K. Kavukcuoglu",
title = "Recurrent Models of Visual Attention",
journal = "Proc. {NIPS}",
year = "2014"
}

@article{bd2,
author = "J. Ba and V. Mnih and K. Kavukcuoglu",
title = "Multiple Object Recognition with Visual Attention",
journal = "arXiv:1412.7755v2",
year = "2015"
}

@article{bd3,
author = "P. Sermanet and A. Frome and E. Real",
title = "Attention for Fine-Grained Categorization",
journal = "arXiv:1412.7054v3",
year = "2015"
}

@article{bd4,
author = "A. Khosla and N. Jayadeaprakash and B. Yao",
title = "Novel Dataset for Fine-Grained Image Categorization",
journal = "First Workshop on Fine-Grained Visual Categorization, Proc. {CVPR}",
year = "2011"
}

@article{bd5,
author = "J. Krause and M. Stark and J. Deng and L. Fei-Fei",
title = "3d object representations for fine-grained categorization",
journal = "4th international IEEE Workshop on 3D representation and recognition",
year = "2013"
}

@article{bd6,
author = "C. Wah and S. Branson and P. Welinder and P. Perona and S. Belongie",
title = "The caltech-ucsd birds-200-2011 dataset",
year = "2011"
}

@article{bd7,
author = "C. Szegedy and W. Liu and Y. Jia and P. Sermannet and S. Reed and D. Anguelov and D. Erhan and V. Vanhoucke and A. Rabinovich",
title = "Going Deeper with Convolutions",
journal = "arXiv:1409.4842",
year = "2014"
}

@article{bd8,
author = "K. Simonyan and A. Zisserman",
title = "Very deep convolutional networks for large-scale image recognition",
journal = "arXiv:1409.1556",
year = "2014"
}


@article{bd9,
author = "T. Berg and P. Belhumeur",
title = "Poof: part-based one-vs.-one features for fine-grained categorization, face verification, and attribute estimation",
journal = "Proc. {CVPR}",
year = "2013"
}


@article{bd10,
author = "J. Liu and A. Kanazawa and D. Jacobs and E. Belhumeur",
title = "Dog breed classification using part localization",
journal = "Proc. {ECCV}",
year = "2012"
}


@article{bd11,
author = "N. Zhang and J. Donahue and R. Girshick and T. Darrell",
title = "Part-based r-cnns for fine-grained category detection",
journal = "Proc. {ECCV}",
year = "2014"
}

@article{bd12,
author = "S. Yang and L. Bo and J. Wang and L. Shapiro",
title = "Unsupervised template learning for fine-grained object recognition",
journal = "Proc. {NIPS}",
year = "2012"
}

@article{bd13,
author = "E. Gavves and B. Fernando and C. Snoek and A. Smeulders and T. Tuytelaars",
title = "Fine-grained categorization by alignments",
journal = "Proc. {ICCV}",
year = "2013"
}

@article{bd14,
author = "Y. Chai and V. Lempitsky and A. Zisserman",
title = "Bicos: a bi-levle co-segmentation method for image classification",
journal = "Proc. {ICCV}",
year = "2011"
}

@article{bd15,
author = "S. Branson and G. Horn and S. Belongie and P. Perona",
title = "Bird species categorization using pose normalized deep convolutional nets",
journal = "Proc. {BMVC}",
year = "2014"
}

@article{bd16,
author = "T. Lin and A. RoyChowdhury and S. Maji",
title = "Bilinear cnn models for fine-grained visual recognition",
journal = "Proc. {ICCV}",
year = "2015"
}

@article{bd17,
author = "Q. Qian and R. Jin and S. Zhu and Y. Lin",
title = "Fine-grained visual categorization via multi-stage metric learning",
journal = "Proc. {CVPR}",
year = "2015"
}

@article{bd18,
author = "J. Deng and W. Dong and R. Socher and L. Li and K. Li and L. Fei-Fei",
title = "ImageNet: A large-scale hierarchical image database",
journal = "Proc. {CVPR}",
year = "2009"
}

@article{bd19,
author = "X. Wang and T. Yang and G. Chen and Y. Lin",
title = "Object-centric Sampling for Fine-grained Image Classification",
journal = "arXiv:1412.3161",
year = "2014"
}

@article{bd20,
author = "R. Williams",
title = "Simple statistical gradient-following algorithms for connectionist reinforcement learning",
journal = "Machine Learning",
year = "1992"
}


@article{bd21,
author = "J. Krause and B. Sapp and A. Howard and H. Zhou and A. Toshev and T. Duerig and J. Philbin and L. Fei-Fei",
title = "The unreasonable effectiveness of noisy data for fine-grained recognition",
journal = "arXiv:1511.067891v1",
year = "2015"
}

@article{bd22,
author = "J. Krause and H. Jin and J. Yang an L. Fei-Fei",
title = "Fine-grained recognition without part annotations",
journal = "CVPR",
year = "2015"
}

@article{bd23,
author = "Z. Xu and S. Huang and Y. Zhang and D. Tao",
title = "Augmenting strong supervision using web data for fine-grained categorization",
journal = "ICCV",
year = "2015"
}

@article{bd24,
author = "R. Grishick and J. Donahue and T. Darrell and J. Malik",
title = "Rich features hierarchies for accurate object detection and sementic segmentation",
journal = "CVPR",
year = "2014"
}

@article{bd25,
author = "Y. Chai and L. Lempitsky and A. Zisserman",
title = "Symbiotic segmentation and part localization for fine-grained categorization",
journal = "ICCV",
year = "2013"
}

@article{bd26,
author = "L. Liu and C. Shen and A. Hengel",
title = "The treasure beneath convolutional layers: cross-convolutional-layer pooling for image classification",
journal = "CVPR",
year = "2015"
}

@article{bd27,
author = "Yu Zhang and Xiu-shen Wei and Jianxin Wu and Jianfei Cai and Jiangbo Lu and Viet-Anh Nguyen and Minh N. Do",
title = "Weakly Supervised Fine-Grained Image Categorization",
journal = "arxiv:1504.04943",
year = "2015"
}


@article{bd28,
author = "M. Simon and E. Rodner",
title = "Neural Activation Constellations: Unsupervised Part Model Discovery with Convolutional Networks",
journal = "ICCV",
year = "2015"
}


@article{girshick2015fast,
  title={Fast R-CNN},
  author={Girshick, Ross},
  journal={arXiv preprint arXiv:1504.08083},
  year={2015}
}
@inproceedings{jaderberg2015spatial,
  title={Spatial transformer networks},
  author={Jaderberg, Max and Simonyan, Karen and Zisserman, Andrew and others},
  booktitle={Advances in Neural Information Processing Systems},
  pages={2008--2016},
  year={2015}
}

@inproceedings{NilsbackZ08,
  author    = {M. Nilsback and A. Zisserman},
  title     = {Automated Flower Classification over a Large Number of Classes},
  booktitle = ICVGIP,
  year      = {2008},
}

@inproceedings{CuiZLB16,
  author    = {Y. Cui and F. Zhou and Y. Lin and S. Belongie},
  title     = {Fine-grained Categorization and Dataset Bootstrapping using Deep Metric},
  booktitle = CVPR,
  year      = {2016},
}

@inproceedings{ZhouL16,
  author    = {F. Zhou and Y. Lin},
  title     = {Fine-grained Image Classification by Exploring Bipartite-Graph Labels},
  booktitle = CVPR,
  year      = {2016},
}

@inproceedings{BossardGG14,
  author    = {L. Bossard and M. Guillaumin and L. Van Gool},
  title     = {Food-101 - Mining Discriminative Components with Random Forests},
  booktitle = ECCV,
  year      = {2014},
}

@inproceedings{KumarBBJKLS12,
  author    = {N. Kumar and P. N. Belhumeur and A. Biswas and D. W. Jacobs and W. John and I. C. Lopez and J. V. B. Soares},
  title     = {{LeafSnap}: A Computer Vision System for Automatic Plant Species Identification},
  booktitle = ECCV,
  year      = 2012,
}

@inproceedings{BergLLAJB14,
  author    = {T. Berg and J. Liu and S. W. Lee and M. L. Alexander and D. W. Jacobs and P. N. Belhumeur},
  title     = {Birdsnap: Large-Scale Fine-Grained Visual Categorization of Birds},
  booktitle = CVPR,
  year      = {2014},
}

@article{Bala15,
  author    = {S. Bell and K. Bala},
  title     = {Learning visual similarity for product design with convolutional neural networks},
  journal   = {{ACM} Trans. Graph.},
  volume    = {34},
  number    = {4},
  pages     = {98},
  year      = {2015},
}

@inproceedings{KiapourHLBB15,
  author    = {M. Hadi Kiapour and Xufeng Han and Svetlana Lazebnik and Alexander C. Berg and Tamara L. Berg},
  title     = {Where to Buy It: Matching Street Clothing Photos in Online Shops},
  booktitle = {ICCV},
  pages     = {3343--3351},
  year      = {2015},
}

@article{Rosch76,
    author  = {E. Rosch and C. B. Mervis and W. D. Gray and D. M. Johnson and P. Boyes-braem},
    title   = {Basic objects in natural categories},
    journal = {Cognitive Psychology},
    year    = {1976}
}

@inproceedings{FarrellOZMDD11,
  author    = {R. Farrell and O. Oza and N. Zhang and V. I. Morariu and T. Darrell and L. S. Davis},
  title     = {Birdlets: Subordinate categorization using volumetric primitives and pose-normalized appearance},
  booktitle = ICCV,
  year      = {2011},
}

@inproceedings{ZhangFID13,
  author    = {N. Zhang and R. Farrell and F. N. Iandola and T. Darrell},
  title     = {Deformable Part Descriptors for Fine-Grained Recognition and Attribute Prediction},
  booktitle = ICCV,
  year      = {2013},
}

@inproceedings{ZhangPRDB14,
  author    = {N. Zhang and M. Paluri and M. Ranzato and T. Darrell and L. D. Bourdev},
  title     = {{PANDA}: Pose Aligned Networks for Deep Attribute Modeling},
  booktitle = CVPR,
  year      = {2014},
}

@article{FelzenszwalbGMR10,
  author        = {P. F. Felzenszwalb and R. B. Girshick and D. A. McAllester and D. Ramanan},
  title         = {Object Detection with Discriminatively Trained Part-Based Models},
  journal       = PAMI,
  volume        = {32},
  number        = {9},
  year          = {2010},
  pages         = {1627-1645},
}

@inproceedings{SimonR15,
  author    = {Marcel Simon and Erik Rodner},
  title     = {Neural Activation Constellations: Unsupervised Part Model Discovery with Convolutional Networks},
  booktitle = ICCV,
  year      = {2015},
}

@inproceedings{BourdevM09,
  author    = {L. D. Bourdev and J. Malik},
  title     = {Poselets: Body part detectors trained using 3D human pose annotations},
  booktitle = ICCV,
  year      = {2009},
}

@inproceedings{KrizhevskySH12,
  author    = {A. Krizhevsky and I. Sutskever and G. E. Hinton},
  title     = {{ImageNet} Classification with Deep Convolutional Neural Networks},
  booktitle = NIPS,
  year      = {2012},
}

@inproceedings{he2015deep,
  title={Deep residual learning for image recognition},
  author={He, Kaiming and Zhang, Xiangyu and Ren, Shaoqing and Sun, Jian},
  booktitle=CVPR,
  year={2016}
}
